@Article{Mayer2017,
author="Mayer, Philip
and Kirsch, Michael
and Le, Minh Anh",
title="On multi-language software development, cross-language links and accompanying tools: a survey of professional software developers",
journal="Journal of Software Engineering Research and Development",
year="2017",
month="Apr",
day="19",
volume="5",
number="1",
pages="1",
abstract="Non-trivial software systems are written using multiple (programming) languages, which are connected by cross-language links. The existence of such links may lead to various problems during software development. There is little empirical evidence on the incidence of these problems and the experiences of professional developers in this field.",
issn="2195-1721",
doi="10.1186/s40411-017-0035-z",
url="https://doi.org/10.1186/s40411-017-0035-z"
}

@Misc{Arbuckle2011,
author="Arbuckle, T.",
editor="Cleve, A.
and Robbes, R.",
title="Measuring multi-language software evolution: a case study",
year="2011",
publisher="ACM",
address="Szeged, Hungary"
}

@Misc{Caracciolo2014,
author="Caracciolo, A.
and Chis, A.
and Spasojevic, B.
and Lungu, M.",
title="Pangea: A workbench for statically analyzing multi-language software corpora",
year="2014",
publisher="IEEE Computer Society",
address="Victoria"
}

@Misc{ref4,
title="Delorey, DP, Knutson CD, Giraud-Carrier C (2007) 2nd International Workshop on Public Data about Software Development WoPDaSD '07, Springer, Heidelberg, Limerick."
}

@Article{Einarsson1984,
author="Einarsson, B.
and Gentleman, W. M.",
title="Mixed language programming",
journal="Softw Pract Exper",
year="1984",
volume="14",
doi="10.1002/spe.4380140410",
url="https://doi.org/10.1002/spe.4380140410"
}

@Misc{ref6,
title="Favre, J, L{\"a}mmel R, Varanovich A (2012) Modeling the linguistic architecture of software products. In: France RB, Kazmeier J, Breu R, Atkinson C (eds)Model driven engineering languages and systems. MODELS 2012, 151--167. doi:10.1007/978-3-642-33666-9{\_}11.",
url="http://dx.doi.org/10.1007/978-3-642-33666-9_11"
}

@Book{Fowler2011,
author="Fowler, M.",
title="Domain-Specific Languages. The Addison-Wesley signature series",
year="2011",
publisher="Addison-Wesley Professional",
address="Indianapolis"
}

@Misc{ref8,
title="Franzen, A (2014) Antwortskalen in standardisierten befragungen. In: Baur N Blasius J (eds)Handbuch Methoden der empirischen Sozialforschung, 701--711.. Springer Fachmedien, Wiesbaden. doi:10.1007/978-3-531-18939-0{\_}51.",
url="http://dx.doi.org/10.1007/978-3-531-18939-0_51"
}

@Misc{ref9,
title="Kitchenham, B, Pfleeger SL (2002a) Principles of survey research: part 5: populations and samples. ACM SIGSOFT Softw Eng Notes 27(5): 17--20. doi:10.1145/571681.571686.",
url="http://dx.doi.org/10.1145/571681.571686"
}

@Misc{ref10,
title="Kitchenham, BA, Pfleeger SL (2002b) Principles of survey research: part 3 constructing a survey instrument. ACM SIGSOFT Softw Eng Notes 27(2): 20--24. doi:10.1145/511152.511155.",
url="http://dx.doi.org/10.1145/511152.511155"
}

@Misc{LÃ¤mmel2014,
author="L{\"a}mmel, R.
and Varanovich, A.",
editor="Cabot, J.
and Rubin, J.",
title="Interpretation of linguistic architecture",
year="2014",
publisher="Springer",
address="Heidelberg"
}

@Misc{ref12,
title="Linos, PK (1995) Polycare: a tool for re-engineering multi-language program integrations In: 1st IEEE International Conference on Engineering of Complex Computer Systems (ICECCS '95), November 6-10, 1995. Fort Lauderdale, 338.. IEEE Computer Society.http://dx.doi.org/10.1109/ICECCS.1995.479355.",
url="http://dx.doi.org/10.1109/ICECCS.1995.479355"
}

@Misc{Mayer2015,
author="Mayer, P.
and Bauer, A.",
editor="Lv, J.
and Zhang, H. J.
and Babar, M. A.",
title="An empirical analysis of the utilization of multiple programming languages in open source projects",
year="2015",
publisher="ACM",
address="Nanjing"
}

@Misc{ref14,
title="Mayer, P, Schroeder A (2014) Automated multi-language artifact binding and rename refactoring between java and dsls used by java frameworks. In: Jones R (ed)ECOOP 2014 - Object-Oriented Programming - 28th European Conference, Uppsala, Sweden, July 28 - August 1, 2014, 437--462.. Proceedings, Springer, Lecture Notes in Computer Science. doi:10.1007/978-3-662-44202-9{\_}18.",
url="http://dx.doi.org/10.1007/978-3-662-44202-9_18"
}

@Misc{Nguyen2012,
author="Nguyen, H. V.
and Nguyen, H. A.
and Nguyen, T. T.
and Nguyen, T. N.",
editor="Glinz, M.
and Murphy, G. C.
and Pezz{\`e}, M.",
title="Babelref: Detection and renaming tool for cross-language program entities in dynamic web applications",
year="2012",
publisher="IEEE",
address="Zurich"
}

@Misc{ref16,
title="Pfeiffer, R, Wasowski A (2012a) Cross-language support mechanisms significantly aid software development. In: France RB, Kazmeier J, Breu R, Atkinson C (eds)Model driven engineering languages and systems. MODELS 2012., 168--184.http://dx.doi.org/10.1007/978-3-642-33666-9{\_}12.",
url="http://dx.doi.org/10.1007/978-3-642-33666-9_12"
}

@Misc{ref17,
title="Pfeiffer R, Wasowski A (2012b) Texmo: A multi-language development environment. In: Vallecillo A, Tolvanen J, Kindler E, St{\"o}rrle H, Kolovos DS (eds)Modelling Foundations and Applications - 8th European Conference, ECMFA 2012, Kgs. July 2-5, 2012. vol 7349. Proceedings, Lyngby,178--193.. Springer, Lecture Notes in Computer Science. doi:10.1007/978-3-642-31491-9{\_}15.",
url="http://dx.doi.org/10.1007/978-3-642-31491-9_15"
}

@Article{Wasowski2015,
author="Wasowski, A.",
title="The design space of multi-language development environments",
journal="Softwa Syst Model",
year="2015",
volume="14",
doi="10.1007/s10270-013-0376-y",
url="https://doi.org/10.1007/s10270-013-0376-y"
}

@Misc{ref19,
title="Core Team (2015) R: A Language and Environment for Statistical Computing. R Foundation for Statistical Computing. Vienna, Austria, http://www.R-project.org/.",
url="http://www.R-project.org/"
}

@Misc{Sakamoto2013,
author="Sakamoto, K.
and Shimojo, K.
and Takasawa, R.
and Washizaki, H.
and Fukazawa, Y.",
title="OCCF: A framework for developing test coverage measurement tools supporting multiple programming languages",
year="2013",
publisher="IEEE Computer Society",
address="Luxembourg",
doi="10.1109/ICST.2013.59",
url="https://doi.org/10.1109/ICST.2013.59"
}

@Misc{Sobernig2010,
author="Sobernig, S.
and Zdun, U.",
editor="Krall, A.
and M{\"o}ssenb{\"o}ck, H.",
title="Evaluating java runtime reflection for implementing cross-language method invocations",
year="2010",
publisher="ACM",
address="Vienna"
}

@Misc{ref22,
title="Tomassetti, F, Torchiano M (2014) An empirical assessment of polyglot-ism in github. In: Shepperd MJ, Hall T, Myrtveit I (eds)18th International Conference on Evaluation and Assessment in Software Engineering, EASE '14, May 13-14, 2014, 17:1--17:4.. ACM, London. doi:10.1145/26012482601269.",
url="http://dx.doi.org/10.1145/26012482601269"
}

@Misc{Tomassetti2014,
author="Tomassetti, F.
and Rizzo, G.
and Troncy, R.",
editor="Chung, C.
and Broder, A. Z.
and Shim, K.
and Suel, T.",
title="Crosslanguagespotter: a library for detecting relations in polyglot frameworks",
year="2014",
publisher="ACM",
address="Seoul",
doi="10.1145/2567948.2578036",
url="https://doi.org/10.1145/2567948.2578036"
}

@Book{Wohlin2012,
author="Wohlin, C.
and Runeson, P.
and H{\"o}st, M.
and Ohlsson, M. C.
and Regnell, B.",
title="Experimentation in Software Engineering",
year="2012",
publisher="Springer",
address="Heidelberg",
doi="10.1007/978-3-642-29044-2",
url="https://doi.org/10.1007/978-3-642-29044-2"
}

